<?xml version="1.0" encoding="UTF-8"?><record xmlns="http://www.loc.gov/MARC21/slim" xmlns:cinclude="http://apache.org/cocoon/include/1.0" xmlns:zs="http://www.loc.gov/zing/srw/">
  <leader>00391nz  a2200133n  4500</leader>
  <controlfield tag="001">n  95115679 </controlfield>
  <controlfield tag="003">DLC</controlfield>
  <controlfield tag="005">19951201134845.9</controlfield>
  <controlfield tag="008">951201n| acannaab|          |a ana |||  </controlfield>
  <datafield tag="010" ind1=" " ind2=" ">
    <subfield code="a">n  95115679 </subfield>
  </datafield>
  <datafield tag="040" ind1=" " ind2=" ">
    <subfield code="a">DLC</subfield>
    <subfield code="c">DLC</subfield>
  </datafield>
  <datafield tag="110" ind1="2" ind2="0">
    <subfield code="a">Faith, Hope &amp; Charity (Musical group)</subfield>
  </datafield>
  <datafield tag="410" ind1="2" ind2="0">
    <subfield code="a">Faith, Hope, and Charity (Musical group)</subfield>
  </datafield>
  <datafield tag="670" ind1=" " ind2=" ">
    <subfield code="a">Faith, Hope &amp; Charity, p1975:</subfield>
    <subfield code="b">label (Faith, Hope &amp; Charity)</subfield>
  </datafield>
</record>